
    <zs:record>
      <zs:recordSchema/>
      <zs:recordPacking>xml</zs:recordPacking>
      <zs:recordData>
        <record xmlns="http://www.loc.gov/MARC21/slim">
          <leader>00886cam a22002653u 4500</leader>
          <controlfield tag="001">8660287</controlfield>
          <controlfield tag="005">20200511083659.0</controlfield>
          <controlfield tag="008">860205s1849    enk           000 0 eng  </controlfield>
          <datafield tag="906" ind1=" " ind2=" ">
            <subfield code="a">7</subfield>
            <subfield code="b">cbc</subfield>
            <subfield code="c">premunv</subfield>
            <subfield code="d">u</subfield>
            <subfield code="e">ncip</subfield>
            <subfield code="f">19</subfield>
            <subfield code="g">y-gencatlg</subfield>
          </datafield>
          <datafield tag="955" ind1=" " ind2=" ">
            <subfield code="u">he18 2020-05-11 TW situational</subfield>
          </datafield>
          <datafield tag="035" ind1=" " ind2=" ">
            <subfield code="9">(DLC)   01011826</subfield>
          </datafield>
          <datafield tag="010" ind1=" " ind2=" ">
            <subfield code="a">   01011826 </subfield>
          </datafield>
          <datafield tag="040" ind1=" " ind2=" ">
            <subfield code="a">DLC</subfield>
            <subfield code="b">eng</subfield>
            <subfield code="c">CarP</subfield>
            <subfield code="d">DLC</subfield>
          </datafield>
          <datafield tag="050" ind1="0" ind2="0">
            <subfield code="a">PZ7</subfield>
          </datafield>
          <datafield tag="051" ind1=" " ind2=" ">
            <subfield code="a">PB2273</subfield>
            <subfield code="b">.M3 1849</subfield>
          </datafield>
          <datafield tag="130" ind1="0" ind2=" ">
            <subfield code="a">Mabinogion.</subfield>
          </datafield>
          <datafield tag="245" ind1="1" ind2="4">
            <subfield code="a">The Mabinogion.</subfield>
            <subfield code="b">From the Llyfr Coch o Hergest, and other ancient Welsh manuscripts,</subfield>
            <subfield code="c">with an English translation and notes by Lady Charlotte E. Guest.</subfield>
          </datafield>
          <datafield tag="260" ind1=" " ind2=" ">
            <subfield code="a">London,</subfield>
            <subfield code="b">Longmans,</subfield>
            <subfield code="c">1849.</subfield>
          </datafield>
          <datafield tag="300" ind1=" " ind2=" ">
            <subfield code="a">3 v.</subfield>
            <subfield code="c">cm.</subfield>
          </datafield>
          <datafield tag="700" ind1="1" ind2=" ">
            <subfield code="a">Guest, Charlotte,</subfield>
            <subfield code="c">Lady,</subfield>
            <subfield code="d">1812-1895</subfield>
          </datafield>
          <datafield tag="952" ind1=" " ind2=" ">
            <subfield code="a">LAC scc 2019-10-07 update (1 card)</subfield>
          </datafield>
          <datafield tag="984" ind1=" " ind2=" ">
            <subfield code="a">rsl</subfield>
            <subfield code="d">2019-10-07</subfield>
          </datafield>
          <datafield tag="985" ind1=" " ind2=" ">
            <subfield code="a">rblacfederal</subfield>
            <subfield code="d">20191007</subfield>
          </datafield>
          <datafield tag="985" ind1=" " ind2=" ">
            <subfield code="g">fcd</subfield>
          </datafield>
          <datafield tag="991" ind1=" " ind2=" ">
            <subfield code="b">c-GenColl</subfield>
            <subfield code="h">PZ7</subfield>
            <subfield code="t">Copy 1</subfield>
            <subfield code="w">PREM</subfield>
          </datafield>
        </record>
      </zs:recordData>
      <zs:recordPosition>2</zs:recordPosition>
    </zs:record>